@article{bib:dixon-robinson-1998,
    author          = {Dixon, M. and Robinson, M.},
    title           = {A birth process model for association football matches},
    journaltitle    = {Journal of the Royal Statistical Society: Series D (The Statistician)},
    volume          = {47},
    issue           = {3},
    pages           = {523--538},
    year            = {1998},
}

@article{bib:koopman-lit-2015,
    author          = {Koopman, S. J. and Lit, R.},
    title           = {A dynamic bivariate Poisson model for analysing and forecasting match results in the English Premier League},
    journaltitle    = {Journal of the Royal Statistical Society: Series A (Statistics in Society)},
    volume          = {178},
    issue           = {1},
    pages           = {167--186},
    year            = {2015},
}

@article{bib:shahtahmassebi-moyeed-2016,
    author          = {Shahtahmassebi, G. and Moyeed, R.},
    title           = {An application of the generalized Poisson difference distribution to the Bayesian modelling of football scores},
    journaltitle    = {Statistica Neerlandica},
    volume          = {70},
    issue           = {3},
    pages           = {260--273},
    year            = {2016},
}

@article{bib:hirotsu-wright-2003,
    author          = {Hirotsu, N. and Wright, M.},
    title           = {An evaluation of characteristics of teams in association football by using a Markov process model},
    journaltitle    = {Journal of the Royal Statistical Society: Series D (The Statistician)},
    volume          = {52},
    issue           = {4},
    pages           = {591--602},
    year            = {2003},
}

@article{bib:karlis-ntzoufras-2003,
    author          = {Karlis, D. and Ntzoufras, I.},
    title           = {Analysis of sports data by using bivariate Poisson models},
    journaltitle    = {Journal of the Royal Statistical Society: Series D (The Statistician)},
    volume          = {52},
    issue           = {3},
    pages           = {381--393},
    year            = {2003},
}

@article{bib:cattelan-varin-firth-2013,
    author          = {Cattelan, M. and Varin, C. and Firth, D.},
    title           = {Dynamic Bradley–Terry modelling of sports tournaments},
    journaltitle    = {Journal of the Royal Statistical Society: Series C (Applied Statistics)},
    volume          = {62},
    issue           = {1},
    pages           = {135--150},
    year            = {2013},
}

% Did not pass full text screening
@article{bib:crowder-dixon-ledford-robinson-2002,
    author          = {Crowder, M. and Dixon, M. and Ledford, A. and Robinson, M.},
    title           = {Dynamic modelling and prediction of English Football League matches for betting},
    journaltitle    = {Journal of the Royal Statistical Society: Series D (The Statistician)},
    volume          = {51},
    issue           = {2},
    pages           = {157--168},
    year            = {2002},
}

%@article{bib:knorr-held-2000,
%    author          = {Knorr-Held, L.},
%    title           = {Dynamic Rating of Sports Teams},
%    journaltitle    = {Journal of the Royal Statistical Society: Series D (The Statistician)},
%    volume          = {49},
%    issue           = {2},
%    pages           = {261--276},
%    year            = {2000},
%}

@article{bib:goddard-asimakopoulos-2004,
    author          = {Goddard, J. and Asimakopoulos, I.},
    title           = {Forecasting football results and the efficiency of fixed-odds betting},
    journaltitle    = {Journal of Forecasting},
    volume          = {23},
    issue           = {1},
    pages           = {51--66},
    year            = {2004},
}

%@article{bib:titman-costain-ridall-gregory-2015,
%    author          = {Titman, A. C. and Costain, D. A. and Ridall, P. G. and Gregory, K.},
%    title           = {Joint modelling of goals and bookings in association football},
%    journaltitle    = {Journal of the Royal Statistical Society: Series A (Statistics in Society)},
%    volume          = {178},
%    issue           = {3},
%    pages           = {659--683},
%    year            = {2015},
%}

@article{bib:pollard-reep-1997,
    author          = {Pollard, R. and Reep, C.},
    title           = {Measuring the effectiveness of playing strategies at soccer},
    journaltitle    = {Journal of the Royal Statistical Society: Series D (The Statistician)},
    volume          = {46},
    issue           = {4},
    pages           = {541--550},
    year            = {1997},
}

@article{bib:maher-1982,
    author          = {Maher, M. J.},
    title           = {Modelling association football scores},
    journaltitle    = {Statistica Neerlandica},
    volume          = {36},
    issue           = {3},
    pages           = {109--118},
    year            = {1982},
}

@article{bib:dixon-coles-1997,
    author          = {Dixon, M. J. and Coles, S. G.},
    title           = {Modelling Association Football Scores and Inefficiencies in the Football Betting Market},
    journaltitle    = {Journal of the Royal Statistical Society: Series C (Applied Statistics)},
    volume          = {46},
    issue           = {2},
    pages           = {265--280},
    year            = {1997},
}

@article{bib:mchale-scarf-2007,
    author          = {McHale, I. and Scarf, P.},
    title           = {Modelling soccer matches using bivariate discrete distributions with general dependence structure},
    journaltitle    = {Statistica Neerlandica},
    volume          = {61},
    issue           = {4},
    pages           = {432--445},
    year            = {2007},
}

%@article{bib:gama-dias-couceiro-sousa-vaz-2016,
%    author          = {José Gama and Gonçalo Dias and Micael Couceiro and Tiago Sousa and Vasco Vaz},
%    title           = {Networks metrics and ball possession in professional football},
%    journaltitle    = {Complexity},
%    volume          = {Early View (Online Version of Record published before inclusion in an issue)},
%    year            = {2016},
%}

%@article{bib:arndt-brefeld-2016,
%    author          = {Cornelius Arndt and Ulf Brefeld},
%    title           = {Predicting the future performance of soccer players},
%    journaltitle    = {Statistical Analysis and Data Mining: The ASA Data Science Journal},
%    volume          = {9},
%    issue           = {5},
%    pages           = {373--382},
%    year            = {2016},
%}

@article{bib:rue-salvesen-2000,
    author          = {Rue, H. and Salvesen, Ø.},
    title           = {Prediction and Retrospective Analysis of Soccer Matches in a League},
    journaltitle    = {Journal of the Royal Statistical Society: Series D (The Statistician)},
    volume          = {49},
    issue           = {3},
    pages           = {399--418},
    year            = {2000},
}

@article{bib:goddard-2006,
    author          = {Goddard, J.},
    title           = {Who wins the football?},
    journaltitle    = {Significance},
    volume          = {3},
    issue           = {1},
    pages           = {16--19},
    year            = {2006},
}

@article{bib:constantinou-fenton-neil-2012,
    author          = {Constantinou, A. C. and Fenton, N. E. and Neil, M.},
    title           = {pi-football: A Bayesian network model for forecasting Association Football match outcomes},
    journaltitle    = {Knowledge-Based Systems},
    volume          = {36},
    pages           = {322--339},
    year            = {2012},
}

@article{bib:karlis-ntzoufras-2008,
  title={Bayesian modelling of football outcomes: using the Skellam's distribution for the goal difference},
  author={Karlis, Dimitris and Ntzoufras, Ioannis},
  journal={IMA Journal of Management Mathematics},
  volume={20},
  number={2},
  pages={133--145},
  year={2009},
  publisher={IMA}
}

@article{bib:bradley-carling-archer-et-al-2011,
  title={The effect of playing formation on high-intensity running and technical profiles in English FA Premier League soccer matches},
  author={Bradley, Paul S and Carling, Chris and Archer, Dave and Roberts, Jenny and Dodds, Andrew and Di Mascio, Michele and Paul, Darren and Gomez Diaz, Antonio and Peart, Dan and Krustrup, Peter},
  journal={Journal of sports sciences},
  volume={29},
  number={8},
  pages={821--830},
  year={2011},
  publisher={Routledge}
}

@inproceedings{bib:bialkowski-lucey-carr-yue-sridharan-matthews-2014,
  title={Identifying team style in soccer using formations learned from spatiotemporal tracking data},
  author={Bialkowski, Alina and Lucey, Patrick and Carr, Peter and Yue, Yisong and Sridharan, Sridha and Matthews, Iain},
  booktitle={Data Mining Workshop (ICDMW), 2014 IEEE International Conference on},
  pages={9--14},
  year={2014},
  organization={IEEE}
}

@article{bib:carron-loughead-bray-2005,
    author          = {Carron, A. and Loughead, T. M. and Bray, S. R.},
    title           = {The home advantage in sport competitions: Courneya and Carron's (1992) conceptual framework a decade later},
    journaltitle    = {Journal of Sports Sciences},
    volume          = {23},
    issue           = {4},
    pages           = {395-407},
    year            = {2005},
}

@article{bib:hvattum-arntzen-2010,
    author          = {Hvattum, L. M. and Arntzen, H.},
    title           = {Using ELO ratings for match result prediction in association football},
    journaltitle    = {International Journal of Forecasting},
    volume          = {26},
    pages           = {460--470},
    year            = {2010},
}

@inproceedings{bib:langseth-2013,
  title={Beating the bookie: A look at statistical models for prediction of football matches.},
  author={Langseth, Helge},
  booktitle={SCAI},
  pages={165--174},
  year={2013}
}



%========================================================================
%   Ikke i screening
%========================================================================

@article{bib:hill-1974,
    author          = {Hill, I. D.},
    title           = {Association Football and Statistical Inference},
    journaltitle    = {Journal of the Royal Statistical Society. Series C (Applied Statistics)},
    volume          = {23},
    issue           = {2},
    pages           = {203--208},
    year            = {1974},
}

@article{bib:constantinou-fenton-2013,
    author          = {Constantinou, A. C. and Fenton, N. E.},
    title           = {Profiting from arbitrage and odds biases of the European football gambling market},
    year            = {2013},
    journaltitle    = {Journal of Gambling Business and Economics},
    volume          = {7},
    issue           = {2},
    pages           = {41--70},
}

@article{bib:courneya-carron-1992,
    author          = {Courneya, K. S. and Carron, A.},
    title           = {The Home Advantage in Sport Competitions: A Literature Review},
    journaltitle    = {Journal of Sport and Exercise Psychology},
    volume          = {14},
    issue           = {1},
    pages           = {13-27},
    year            = {1992},
}

@article{bib:pollard-2008,
    author          = {Pollard, R.},
    title           = {Home Advantage in Football: A Current Review of an Unsolved Puzzle},
    year            = {2008},
    journaltitle    = {The Open Sports Sciences Journal},
    volume          = {1},
    pages           = {12--14},
}

@article{bib:kuhn-1955,
    author          = {Kuhn, H. W.},
    title           = {The Hungarian Method for the assignment problem},
    journaltitle    = {Naval Research Logistics Quarterly},
    volume          = {2},
    pages           = {83--97},
    year            = {1955},
}

@inproceedings{bib:lee-choi-2004,
  title={Minimum entropy, k-means, spectral clustering},
  author={Lee, Yongjin and Choi, Seungjin},
  booktitle={Neural Networks, 2004. Proceedings. 2004 IEEE International Joint Conference on},
  volume={1},
  pages={117--122},
  year={2004},
  organization={IEEE}
}

@article{bib:hirotsu-wright-2002,
    author          = {Hirotsu, N. and Wright, M.},
    title           = {Using a Markov Process Model of an Association Football Match to Determine the Optimal Timing of Substitution and Tactical Decisions},
    journaltitle    = {The Journal of the Operational Research Society},
    volume          = {53},
    issue           = {1},
    pages           = {88-96},
    year            = {2002},
}

@inproceedings{bib:bialkowski-lucey-carr-yue-matthews-2014,
  title={Win at home and draw away: Automatic formation analysis highlighting the differences in home and away team behaviors},
  author={Bialkowski, Alina and Lucey, Patrick and Carr, Peter and Yue, Yisong and Matthews, Iain},
  booktitle={Proceedings of 8th Annual MIT Sloan Sports Analytics Conference},
  year={2014}
}

@article{bib:kelly-1956,
    author          = {Kelly, J. L.},
    title           = {A new interpretation of information rate},
    year            = {1956},
    journaltitle    = {IRE Transactions on Information Theory},
    volume          = {2},
    issue           = {3},
    pages           = {185--189},
}

@article{bib:williams2006generalized,
  title={Generalized ordered logit/partial proportional odds models for ordinal dependent variables},
  author={Williams, Richard and others},
  journal={Stata Journal},
  volume={6},
  number={1},
  pages={58},
  year={2006},
  publisher={STATA PRESS 4905 LAKEWAY PARKWAY, COLLEGE STATION, TX 77845 USA}
}


@online{bib:chessbase-2007,
    author      = {Ross, D.},
    title       = {Arpad Elo and the Elo Rating System},
    url         = {http://en.chessbase.com/post/arpad-elo-and-the-elo-rating-system},
    urldate     = {2016-12-05},
    year        = {2007},    
}

@online{bib:pi-football,
    author      = {Constantinou, A. C.},
    title       = {Probabilistic Intelligence},
    url         = {http://pi-football.com/},
    urldate     = {2016-12-07},
    year        = {2012},
}

@online{bib:whoscored,
    author      = {WhoScored.com},
    title       = {Revolutionising football statistics},
    url         = {https://www.whoscored.com/},
    urldate     = {2017-04-25},
}

@online{bib:football-data,
    author      = {Football-Data},
    title       = {Historical Football Results and Betting Odds Data},
    url         = {http://football-data.co.uk/data.php},
    urldate     = {2016-12-07},
}

@article{bib:goddard-2005,
  title={Regression models for forecasting goals and match results in association football},
  author={Goddard, John},
  journal={International Journal of forecasting},
  volume={21},
  number={2},
  pages={331--340},
  year={2005},
  publisher={Elsevier}
}

@article{bib:nevill-newell-gale-1996,
  title={Factors associated with home advantage in English and Scottish soccer matches},
  author={Nevill, Alan M and Newell, Sue M and Gale, Sally},
  journal={Journal of Sports Sciences},
  volume={14},
  number={2},
  pages={181--186},
  year={1996},
  publisher={Taylor \& Francis Group}
}

@article{bib:nevill-ballmer-williams-2002,
  title={The influence of crowd noise and experience upon refereeing decisions in football},
  author={Nevill, Alan M and Balmer, Nigel J and Williams, A Mark},
  journal={Psychology of Sport and Exercise},
  volume={3},
  number={4},
  pages={261--272},
  year={2002},
  publisher={Elsevier}
}

@article{bib:loughead-carron-bray-kim-2003,
  title={Facility familiarity and the home advantage in professional sports},
  author={Loughead, Todd M and Carron, Albert V and Bray, Steven R and Kim, Arvin J},
  journal={International Journal of Sport and Exercise Psychology},
  volume={1},
  number={3},
  pages={264--274},
  year={2003},
  publisher={Taylor \& Francis}
}

%@book{bib:knorr-held-1997,
%    author          = {Knorr-Held, L.},
%    title           = {Hierarchical modelling of discrete longitudinal data: applications of Markov chain Monte Carlo},
%    year            = {1997},
%    publisher       = {Herbert Utz Verlag},
%    address         = {Wissenschaft},
%}

@online{bib:odds-portal,
    author      = {Odds-Portal},
    title       = {Odds Portal: Odds Comparison, Sports Betting Odds},
    url         = {http://www.oddsportal.com/},
    urldate     = {2016-12-14},
    year        = {2016},
}

@online{bib:fifa,
    author      = {FIFA},
    title       = {2014 FIFA World Cup Brazil\texttrademark\ in numbers},
    url         = {http://www.fifa.com/worldcup/news/y=2014/m=9/news=2014-fifa-world-cup-braziltm-in-numbers-2443025.html},
    urldate     = {2016-12-14},
    year        = {2014},
}




%========================================================================
%   Master
%========================================================================

@article{bib:peterson-2009,
  title={K-nearest neighbor},
  author={Peterson, Leif E},
  journal={Scholarpedia},
  volume={4},
  number={2},
  pages={1883},
  year={2009}
}

@article{bib:noble-2006,
  title={What is a support vector machine?},
  author={Noble, William S},
  journal={Nature biotechnology},
  volume={24},
  number={12},
  pages={1565--1567},
  year={2006},
  publisher={Nature Publishing Group}
}

@article{bib:yegnanarayana-2009,
  title={Artificial neural networks},
  author={Hopfield, John J},
  journal={IEEE Circuits and Devices Magazine},
  volume={4},
  number={5},
  pages={3--10},
  year={1988},
  publisher={IEEE}
}

@article{bib:hawkins2004problem,
  title={The problem of overfitting},
  author={Hawkins, Douglas M},
  journal={Journal of chemical information and computer sciences},
  volume={44},
  number={1},
  pages={1--12},
  year={2004},
  publisher={ACS Publications}
}

@inproceedings{bib:nair2010rectified,
  title={Rectified linear units improve restricted boltzmann machines},
  author={Nair, Vinod and Hinton, Geoffrey E},
  booktitle={Proceedings of the 27th international conference on machine learning (ICML-10)},
  pages={807--814},
  year={2010}
}

@inproceedings{bib:glorot2011deep,
  title={Deep Sparse Rectifier Neural Networks.},
  author={Glorot, Xavier and Bordes, Antoine and Bengio, Yoshua},
  booktitle={Aistats},
  volume={15},
  number={106},
  pages={275},
  year={2011}
}

@incollection{bib:bottou2010large,
  title={Large-scale machine learning with stochastic gradient descent},
  author={Bottou, L{\'e}on},
  booktitle={Proceedings of COMPSTAT'2010},
  pages={177--186},
  year={2010},
  publisher={Springer}
}


@report{bib:hinton2012neural,
  title={Neural Networks for Machine Learning Lecture 6a Overview of mini--batch gradient descent},
  author={Hinton, Geoffrey and Srivastava, Nitish and Swersky, Kevin}
}

@article{bib:kingma2014adam,
  title={Adam: A method for stochastic optimization},
  author={Kingma, Diederik and Ba, Jimmy},
  journal={arXiv preprint arXiv:1412.6980},
  year={2014}
}

@online{bib:tensorflow,
    author      = {TensorFlow},
    title       = {An open-source software library for Machine Intelligence},
    url         = {https://www.tensorflow.org/},
    urldate     = {2017-05-15},
}

@online{bib:keras,
    author      = {Keras},
    title       = {Keras: Deep Learning library for Theano and TensorFlow},
    url         = {https://keras.io/},
    urldate     = {2017-05-15},
}

@article{bib:codd1982relational,
  title={Relational database: a practical foundation for productivity},
  author={Codd, Edgar F},
  journal={Communications of the ACM},
  volume={25},
  number={2},
  pages={109--117},
  year={1982},
  publisher={ACM}
}

@report{bib:boroy-johnsen-2016,
    author          = {Borøy-Johnsen, Simon},
    title           = {Using football match prediction to beat the bookmakers},
    year            = {2016},
}

@online{bib:deepmind,
    author      = {DeepMind},
    title       = {Solve intelligence. Use it to make the world a better place},
    url         = {https://deepmind.com/about/},
    urldate     = {2017-05-25},
}

@online{bib:maluuba,
    author      = {Maluuba},
    title       = {News about Microsoft acquisition and investments in our Montreal AI lab},
    url         = {http://www.maluuba.com/acquisition/},
    urldate     = {2017-05-25},
}

@article{bib:vlastakis-dotsis-markellos-2009,
  title={How efficient is the European football betting market? Evidence from arbitrage and trading strategies},
  author={Vlastakis, Nikolaos and Dotsis, George and Markellos, Raphael N},
  journal={Journal of Forecasting},
  volume={28},
  number={5},
  pages={426--444},
  year={2009},
  publisher={Wiley Online Library}
}

@online{bib:whoscored-ratings,
    author      = {WhoScored.com},
    title       = {WhoScored Ratings Explained},
    url         = {https://www.whoscored.com/Explanations},
    urldate     = {2017-05-25},
}

@article{bib:constantinou-fenton-2012,
  title={Solving the problem of inadequate scoring rules for assessing probabilistic football forecast models},
  author={Constantinou, Anthony C and Fenton, Norman E and others},
  journal={Journal of Quantitative Analysis in Sports},
  volume={8},
  number={1},
  pages={1559--0410},
  year={2012},
  publisher={De Gruyter}
}

@article{bib:epstein1969scoring,
  title={A scoring system for probability forecasts of ranked categories},
  author={Epstein, Edward S},
  journal={Journal of Applied Meteorology},
  volume={8},
  number={6},
  pages={985--987},
  year={1969}
}

@article{bib:srivastava2014dropout,
  title={Dropout: A simple way to prevent neural networks from overfitting},
  author={Srivastava, Nitish and Hinton, Geoffrey and Krizhevsky, Alex and Sutskever, Ilya and Salakhutdinov, Ruslan},
  journal={The Journal of Machine Learning Research},
  volume={15},
  number={1},
  pages={1929--1958},
  year={2014},
  publisher={JMLR. org}
}
